<collection xmlns="http://www.loc.gov/MARC21/slim">
<record>
  <leader>00290na 0a22001091i 450 </leader>
  <controlfield tag="001">IT\ICCU\CNCE\065986</controlfield>
  <controlfield tag="005">20060802000000.0</controlfield>
  <datafield tag="100" ind1=" " ind2=" ">
    <subfield code="a">20060802             0itac0103    ba</subfield>
  </datafield>
  <datafield tag="101" ind1=" " ind2=" ">
    <subfield code="a">LAT</subfield>
  </datafield>
  <datafield tag="200" ind1="1" ind2=" ">
    <subfield code="a">Tractatus de cucumeribus</subfield>
  </datafield>
  <datafield tag="700" ind1=" " ind2="1">
    <subfield code="a">Baldini,</subfield>
    <subfield code="b">Baccio</subfield>
    <subfield code="3">IT\ICCU\CNCA\001324</subfield>
  </datafield>
  <datafield tag="801" ind1=" " ind2="3">
    <subfield code="a">IT</subfield>
    <subfield code="b">ICCU</subfield>
    <subfield code="c">20201115</subfield>
  </datafield>
</record>
</collection>
